@misc{huskyexample,
	title = {{husky/examples at master - husky-team/husky - GitHub}},
	howpublished = {\url{https://github.com/husky-team/husky/tree/master/examples}},
	note = "[Online; accessed 19-May-2018]"
}


https://github.com/husky-team/husky/tree/master/examples
@inproceedings{gittens2016matrix,
	title={Matrix factorizations at scale: A comparison of scientific data analytics in Spark and C+ MPI using three case studies},
	author={Gittens, Alex and Devarakonda, Aditya and Racah, Evan and Ringenburg, Michael and Gerhardt, Lisa and Kottalam, Jey and Liu, Jialin and Maschhoff, Kristyn and Canon, Shane and Chhugani, Jatin and others},
	booktitle={Big Data (Big Data), 2016 IEEE International Conference on},
	pages={204--213},
	year={2016},
	organization={IEEE}
}

@inproceedings{yang2017best,
	title={The best of both worlds: Big data programming with both productivity and performance},
	author={Yang, Fan and Huang, Yuzhen and Zhao, Yunjian and Li, Jinfeng and Jiang, Guanxian and Cheng, James},
	booktitle={Proceedings of the 2017 ACM International Conference on Management of Data},
	pages={1619--1622},
	year={2017},
	organization={ACM}
}

@article{honavar2016accelerating,
	title={Accelerating science: a computing research agenda},
	author={Honavar, Vasant G and Hill, Mark D and Yelick, Katherine},
	journal={arXiv preprint arXiv:1604.02006},
	year={2016}
}

@inproceedings{Hey2009JimGO,
	title={Jim Gray on eScience: a transformed scientific method},
	author={Anthony J. G. Hey and Stewart Tansley and Kristin M. Tolle},
	booktitle={The Fourth Paradigm},
	year={2009}
}

@article{bigdataconvergence,

author = {C. Andre, J and Antoniu, G and Asch, Mark and Badia, Rosa M. and Beck, M and Beckman, P and Bidot, T and Bodin, F and Cappello, Franck and Choudhary, A and De Supinski, B and Deelman, E and Dongarra, Jack and Dubey, A and Fox, Geoffrey and Fu, H and Girona, Sergi and Gropp, W and Heroux, M and Zacharov, I},

year = {2018},

month = {01},

pages = {},

title = {BIG DATA AND EXTREME-SCALE COMPUTING: PATHWAYS TO CONVERGENCE Toward a Shaping Strategy for a Future Software and Data Ecosystem for Scientific Inquiry}

}

@misc{hashbenchmark,
	title = {{Benchmark of major hash map implementations}},
	howpublished = {\url{https://tessil.github.io/2016/08/29/benchmark-hopscotch-map.html}},
	note = "[Online; accessed 01-March-2018]"
}

@article{robinhash,
	title={{Robin Hood Hashing}},
	author={Celis, Pedro and Larson, Per-Ake and Munro, J Ian},
	year={1985},
	organization={IEEE}
}

@misc{gasnetpresentation,
	title = {{The Future of GASNet}},
	author = {Paul H. Hargrove},
	howpublished = {\url{https://crd.lbl.gov/assets/Uploads/FTG/Projects/DEGAS/RetreatSummer13/GASNet-Jun-2013.pdf}},
	note = "[Online; accessed 2-February-2018]"
}

@misc{openmp,
	title = {{OpenMP}},
	howpublished = {\url{https://www.openmp.org}},
	note = "[Online; accessed 18-May-2018]"
}

@misc{top500,
	title = {{November 2017 - TOP500 Supercomputer Sites}},
	howpublished = {\url{https://www.top500.org/lists/2017/11/}},
	note = "[Online; accessed 12-May-2018]"
}


@misc{upcmpi,
	title = {{Correctly distributing UPC++ partitions on Infiniband cluster with Slurm workload manager - Google groups}},
	howpublished = {\url{https://groups.google.com/forum/#!topic/upcxx/fuuJ6TNJXxw}},
	note = "[Online; accessed 2-May-2018]"
}


@misc{upcreq,
	title = {{berkeleylab / upcxx / wiki}},
	howpublished = {\url{https://bitbucket.org/berkeleylab/upcxx/wiki/README}},
	note = "[Online; accessed 11-May-2018]"
}

@misc{hpc_def,
	title = {{Definitions - High Performance Computing}},
	howpublished = {\url{http://www.hpc4poland.pl/en/definitions/}},
	note = "[Online; accessed 11-May-2018]"
}

@article{hall2013rethinking,
	title={Rethinking abstractions for big data: Why, where, how, and what},
	author={Hall, Mary and Kirby, Robert M and Li, Feifei and Meyer, Miriah and Pascucci, Valerio and Phillips, Jeff M and Ricci, Rob and Van der Merwe, Jacobus and Venkatasubramanian, Suresh},
	journal={arXiv preprint arXiv:1306.3295},
	year={2013}
}

@article{sparkarticle,
	author = {Zaharia, Matei and Xin, Reynold S. and Wendell, Patrick and Das, Tathagata and Armbrust, Michael and Dave, Ankur and Meng, Xiangrui and Rosen, Josh and Venkataraman, Shivaram and Franklin, Michael J. and Ghodsi, Ali and Gonzalez, Joseph and Shenker, Scott and Stoica, Ion},
	title = {Apache Spark: A Unified Engine for Big Data Processing},
	journal = {Commun. ACM},
	issue_date = {November 2016},
	volume = {59},
	number = {11},
	month = oct,
	year = {2016},
	issn = {0001-0782},
	pages = {56--65},
	numpages = {10},
	url = {http://doi.acm.org/10.1145/2934664},
	doi = {10.1145/2934664},
	acmid = {2934664},
	publisher = {ACM},
	address = {New York, NY, USA},
}

@inproceedings{abstractionslocality,
	title={Programming abstractions for data locality},
	author={Tate, Adrian and Kamil, Amir and Dubey, Anshu and Gr{\"o}{\ss}linger, Armin and Chamberlain, Brad and Goglin, Brice and Edwards, Carter and Newburn, Chris J and Padua, David and Unat, Didem and others},
	year={2014},
	organization={PADAL Workshop 2014, April 28--29, Swiss National Supercomputing Center (CSCS), Lugano, Switzerland}
}

@book{engineering, place={S.l.}, title={{Introduction to High Performance Computing for Scientists and Engineers}}, publisher={CRC PRESS}, author={Hager, Georg}, year={2017}}




@misc{husky_website,
	title = {{www.husky-project.com}},
	howpublished = {\url{http://www.husky-project.com}},
	note = "[Online; accessed 09-March-2018]"
}

@misc{hadoop,
	title = {{Apache Hadoop}},
	howpublished = {\url{http://hadoop.apache.org/}},
	note = "[Online; accessed 02-May-2018]"
}

@book{spark,
	title={An architecture for fast and general data processing on large clusters},
	author={Zaharia, Matei},
	year={2016},
	publisher={Morgan \& Claypool}
}

@misc{flink,
	title = {{Apache Flink}},
	howpublished = {\url{http://flink.apache.org/}},
	note = "[Online; accessed 02-May-2018]"
}

@article{hpcabds,
	title={{Towards HPC-ABDS: an initial high-performance big data stack}},
	author={Qiu, Judy and Jha, Shantenu and Luckow, Andre and Fox, Geoffrey C},
	journal={Building Robust Big Data Ecosystem ISO/IEC JTC},
	volume={1},
	pages={18--21},
	year={2014},
	publisher={Citeseer}
}


@article{husky,
	title={Husky: Towards a more efficient and expressive distributed computing framework},
	author={Yang, Fan and Li, Jinfeng and Cheng, James},
	journal={Proceedings of the VLDB Endowment},
	volume={9},
	number={5},
	pages={420--431},
	year={2016},
	publisher={VLDB Endowment}
}

@article{bridgingthegap,
	title={Bridging the gap between hpc and big data frameworks},
	author={Anderson, Michael and Smith, Shaden and Sundaram, Narayanan and Capot{\u{a}}, Mihai and Zhao, Zheguang and Dulloor, Subramanya and Satish, Nadathur and Willke, Theodore L},
	journal={Proceedings of the VLDB Endowment},
	volume={10},
	number={8},
	pages={901--912},
	year={2017},
	publisher={VLDB Endowment}
}

@inproceedings{piccolo,
	title={Piccolo: Building Fast, Distributed Programs with Partitioned Tables.},
	author={Power, Russell and Li, Jinyang}
}

@book{subcommittee,
	title = {Synergistic Challenges in Data-Intensive Science and Exascale Computing: DOE ASCAC Data Subcommittee Report},
	author = {J. Chen and Alok Choudhary and S. Feldman and B. Hendrickson and Johnson, {C. R.} and R. Mount and V. Sarkar and V. White and D. Williams},
	note = "Type: Report",
	year = "2013",
	month = "3",
	language = "English",
	publisher = {Department of Energy Office of Science}
}



@techreport{pagerank,
	number = {1999-66},
	month = {},
	author = {Lawrence Page and Sergey Brin and Rajeev Motwani and Terry Winograd},
	note = {Previous number = SIDL-WP-1999-0120},
	title = {{The PageRank Citation Ranking: Bringing Order to the Web.}},
	type = {Technical Report},
	publisher = {Stanford InfoLab},
	year = {1999},
	institution = {Stanford InfoLab},
	url = {http://ilpubs.stanford.edu:8090/422/},
	abstract = {The importance of a Web page is an inherently subjective matter, which depends on the readers interests, knowledge and attitudes. But there is still much that can be said objectively about the relative importance of Web pages. This paper describes PageRank, a mathod for rating Web pages objectively and mechanically, effectively measuring the human interest and attention devoted to them. We compare PageRank to an idealized random Web surfer. We show how to efficiently compute PageRank for large numbers of pages. And, we show how to apply PageRank to search and to user navigation.}
}


@article{pregel, title={Pregel: A System for Large-Scale Graph Processing}, DOI={10.1145/1582716.1582723}, journal={Proceedings of the 28th ACM symposium on Principles of distributed computing - PODC 09}, author={Malewicz, Grzegorz and Austern, Matthew H. and Bik, Aart J.c. and Dehnert, James C. and Horn, Ilan and Leiser, Naty and Czajkowski, Grzegorz}, year={2009}}

@article{pgas_upc_energy, title={On the performance and energy efficiency of the PGAS programming model on multicore architectures}, DOI={10.1109/hpcsim.2016.7568416}, journal={2016 International Conference on High Performance Computing \& Simulation (HPCS)}, author={Lagraviere, Jeremie and Langguth, Johannes and Sourouri, Mohammed and Ha, Phuong H. and Cai, Xing}, year={2016}}

@misc{dryad,
	title = {{Dryad - Microsoft Research}},
	howpublished = {\url{https://www.microsoft.com/en-us/research/project/dryad/}},
	note = "[Online; accessed 03-April-2017]",
}

@book{wilkinson_allen_2005, place={Upper Saddle River, NJ}, edition={2}, title={Parallel Programming Techniques and Applications Using Networked Workstations and Parallel Computers}, publisher={Prentice-Hall}, author={Wilkinson, Barry and Allen, Michael}, year={2005}}

@article{sutter_larus_2005, title={Software and the concurrency revolution}, volume={3}, DOI={10.1145/1095408.1095421}, number={7}, journal={Queue}, author={Sutter, Herb and Larus, James}, year={2005}, month={Jan}, pages={54}}

@article{diaz_munoz-caro_nino_2012, title={A Survey of Parallel Programming Models and Tools in the Multi and Many-Core Era}, volume={23}, DOI={10.1109/tpds.2011.308}, number={8}, journal={IEEE Transactions on Parallel and Distributed Systems}, author={Diaz, Javier and Munoz-Caro, Camelia and Nino, Alfonso}, year={2012}, pages={1369–1386}}

@article{mccandless_lumsdaine_1997, title={The role of abstraction in high-performance computing}, DOI={10.1007/3-540-63827-x_62}, journal={Lecture Notes in Computer Science Scientific Computing in Object-Oriented Parallel Environments}, author={Mccandless, Brian C. and Lumsdaine, Andrew}, year={1997}, pages={203–210}}

@misc{upcxx_bitbucket,
	title = {{berkeleylab / upcxx / wiki - Home - Bitbucket}},
	howpublished = {\url{https://bitbucket.org/berkeleylab/upcxx/wiki/Home}},
	note = "[Online; accessed 26-April-2018]",
}


@article{evaluation_of_upc, title={{An Evaluation of Global Address Space Languages}}, DOI={10.1145/1065944.1065950}, journal={Proceedings of the tenth ACM SIGPLAN symposium on Principles and practice of parallel programming - PPoPP 05}, author={Coarfa, Cristian and Dotsenko, Yuri and Mellor-Crummey, John and Cantonnet, François and El-Ghazawi, Tarek and Mohanti, Ashrujit and Yao, Yiyi and Chavarría-Miranda, Daniel}, year={2005}}

@article{gasnet_description,
	author = "Bonachea, Dan and Jeong, Jaein",
	howpublished = "\url{https://gasnet.lbl.gov/258-paper.pdf}",
	note = "[Online; accessed 23-April-2018]",
	title = "{{GASNet: A Portable High-Performance Communication Layer for Global Address-Space Languages}}",
	year = "2002"
}

@misc{web_gnu_upc,
	title = {{GNU UPC}},
	howpublished = {\url{http://www.gccupc.org}},
	note = "[Online; accessed 13-March-2018]",
}

@misc{web_berkeley_upc,
	title = {{Berkeley UPC}},
	howpublished = {\url{http://upc.lbl.gov}},
	note = "[Online; accessed 13-March-2018]",
}

@misc{web_cpp_template,
	title = {{Function template, cppreference.com}},
	howpublished = {\url{http://en.cppreference.com/w/cpp/language/function_template}},
	note = "[Online; accessed 26-April-2018]",
}

@misc{MPI,
	title = {{Message Passing Interface}},
	howpublished = {\url{https://computing.llnl.gov/tutorials/mpi/}},
	note = "[Online; accessed 26-April-2018]",
}

@misc{gasnetreadme,
	title = {{GASNet Specification, v1.8.1}},
	author = {Bonachea, D and Hargrove, P}
}

@article{upcxxspec,
	author = {Bachan, J and Baden, S and Bonachea, D and Hargrove, P and Hofmeyr, S and Ibrahim, K and Jacquelin, M and Kamil, A and Lelbach, B and van Straalen, B},
	title         = {{UPC++ Specification v1.0, Draft 4}},
	year          =  2017,
	month         =  9,
}


@misc{spark_guide,
	title = {{Spark Programming Guide - Spark 2.2.0 Documentation}},
	howpublished = {\url{https://spark.apache.org/docs/latest/rdd-programming-guide.html#shuffle-operations}},
	note = "[Online; accessed 4-December-2017]",
}

@misc{legion_website,
	title = {{Legion overview - The Legion Programming System}},
	howpublished = {\url{http://legion.stanford.edu/overview/index.html}},
	note = "[Online; accessed 10-December-2017]",
}

@misc{dynamo_website,
	title = {{DynamoDB Core Components - Amazon DynamoDB}},
	howpublished = {\url{http://docs.aws.amazon.com/amazondynamodb/latest/developerguide/HowItWorks.CoreComponents.html}},
	note = "[Online; accessed 10-December-2017]",
}

@misc{fastrange,
	title = {{A fast alternative to the modulo reduction - Daniel Lemire's blog}},
	howpublished = {\url{https://lemire.me/blog/2016/06/27/a-fast-alternative-to-the-modulo-reduction/}},
	note = "[Online; accessed 10-December-2017]",
}

@misc{spark_range,
	title = {{RangePartitioner}},
	howpublished = {\url{https://spark.apache.org/docs/1.6.1/api/java/org/apache/spark/RangePartitioner.html}},
	note = "[Online; accessed 10-December-2017]",
}


@misc{netloc,
	title = {{Portable Network Locality (netloc)}},
	howpublished = {\url{https://www.open-mpi.org/projects/netloc/}},
	note = "[Online; accessed 10-December-2017]",
}


@book{algorithms_in_c, place={Boston}, title={Algorithms in C}, publisher={Addison-Wesley}, author={Sedgewick, Robert}, year={2009}}


@book{discrete_mathematics, place={Singapore}, title={Discrete mathematics and its applications}, publisher={McGraw-Hill Education}, author={Rosen, Kenneth H. and Krithivasan, Kamala}, year={2015}}


@misc{cityhash,
	title = {{HitHub - google/cityhash}},
	howpublished = {\url{https://github.com/google/cityhash}},
	note = "[Online; accessed 10-December-2017]",
}

@article{upcxxguide,
	author = {Bachan, J and Baden, S and Bonachea, D and Hargrove, P and Hofmeyr, S and Ibrahim, K and Jacquelin, M and Kamil, A and Lelbach, B and van Straalen, B},
	title         = {{UPC++ Programmer's Guide, v1.0-2017.9}},
	publisher = {Lawrence Berkeley National Laboratory Tech Report (LBNL-2001‍065)},
	year          =  2017,
	month         =  september,
}

@article{upc_language_specification, title={{Introduction to UPC and Language Specification}}, author={Carlson, William W. and Culler, David E. and Brooks, Eugene}, year={1999}}

@article{bigdatabench, title={BigDataBench: A big data benchmark suite from internet services}, DOI={10.1109/hpca.2014.6835958}, journal={2014 IEEE 20th International Symposium on High Performance Computer Architecture (HPCA)}, author={Wang, Lei and Zhan, Jianfeng and Luo, Chunjie and Zhu, Yuqing and Yang, Qiang and He, Yongqiang and Gao, Wanling and Jia, Zhen and Shi, Yingjie and Zhang, Shujie and et al.}, year={2014}}

@article{datampi, title={DataMPI: Extending MPI to Hadoop-Like Big Data Computing}, DOI={10.1109/ipdps.2014.90}, journal={2014 IEEE 28th International Parallel and Distributed Processing Symposium}, author={Lu, Xiaoyi and Liang, Fan and Wang, Bing and Zha, Li and Xu, Zhiwei}, year={2014}}

@article{legion, title={Legion: Expressing locality and independence with logical regions}, DOI={10.1109/sc.2012.71}, journal={2012 International Conference for High Performance Computing, Networking, Storage and Analysis}, author={Bauer, Michael and Treichler, Sean and Slaughter, Elliott and Aiken, Alex}, year={2012}}

@article{dynamo, title={Dynamo}, DOI={10.1145/1294261.1294281}, journal={Proceedings of twenty-first ACM SIGOPS symposium on Operating systems principles - SOSP 07}, author={Decandia, Giuseppe and Hastorun, Deniz and Jampani, Madan and Kakulapati, Gunavardhan and Lakshman, Avinash and Pilchin, Alex and Sivasubramanian, Swaminathan and Vosshall, Peter and Vogels, Werner}, year={2007}}

@inproceedings{consistenthashing,
	author = {Karger, David and Lehman, Eric and Leighton, Tom and Panigrahy, Rina and Levine, Matthew and Lewin, Daniel},
	title = {Consistent Hashing and Random Trees: Distributed Caching Protocols for Relieving Hot Spots on the World Wide Web},
	booktitle = {Proceedings of the Twenty-ninth Annual ACM Symposium on Theory of Computing},
	series = {STOC '97},
	year = {1997},
	isbn = {0-89791-888-6},
	location = {El Paso, Texas, USA},
	pages = {654--663},
	numpages = {10},
	url = {http://doi.acm.org/10.1145/258533.258660},
	doi = {10.1145/258533.258660},
	acmid = {258660},
	publisher = {ACM},
	address = {New York, NY, USA},
} 


@article{ramcloud,
	author = {Ousterhout, John and Gopalan, Arjun and Gupta, Ashish and Kejriwal, Ankita and Lee, Collin and Montazeri, Behnam and Ongaro, Diego and Park, Seo Jin and Qin, Henry and Rosenblum, Mendel and Rumble, Stephen and Stutsman, Ryan and Yang, Stephen},
	title = {{The RAMCloud Storage System}},
	journal = {ACM Trans. Comput. Syst.},
	issue_date = {September 2015},
	volume = {33},
	number = {3},
	month = aug,
	year = {2015},
	issn = {0734-2071},
	pages = {7:1--7:55},
	articleno = {7},
	numpages = {55},
	url = {http://doi.acm.org/10.1145/2806887},
	doi = {10.1145/2806887},
	acmid = {2806887},
	publisher = {ACM},
	address = {New York, NY, USA},
	keywords = {Datacenters, large-scale systems, low latency, storage systems},
} 

@article{pgas_languages,
	author = {De Wael, Mattias and Marr, Stefan and De Fraine, Bruno and Van Cutsem, Tom and De Meuter, Wolfgang},
	title = {{Partitioned Global Address Space Languages}},
	journal = {ACM Comput. Surv.},
	issue_date = {July 2015},
	volume = {47},
	number = {4},
	month = may,
	year = {2015},
	issn = {0360-0300},
	pages = {62:1--62:27},
	articleno = {62},
	numpages = {27},
	url = {http://doi.acm.org/10.1145/2716320},
	doi = {10.1145/2716320},
	acmid = {2716320},
	publisher = {ACM},
	address = {New York, NY, USA},
	keywords = {HPC, PGAS, Parallel programming, data access, data distribution, message passing, one-sided communication, survey},
} 

@article{microscopy, title={Quantitative evaluation of software packages for single-molecule localization microscopy}, volume={12}, DOI={10.1038/nmeth.3442}, number={8}, journal={Nature Methods}, author={Sage, Daniel and Kirshner, Hagai and Pengo, Thomas and Stuurman, Nico and Min, Junhong and Manley, Suliana and Unser, Michael}, year={2015}, pages={717–724}}

@inproceedings{mapreduce_locality,
	author = {Guo, Zhenhua and Fox, Geoffrey and Zhou, Mo},
	title = {{Investigation of Data Locality in MapReduce}},
	booktitle = {Proceedings of the 2012 12th IEEE/ACM International Symposium on Cluster, Cloud and Grid Computing (Ccgrid 2012)},
	series = {CCGRID '12},
	year = {2012},
	isbn = {978-0-7695-4691-9},
	pages = {419--426},
	numpages = {8},
	url = {https://doi.org/10.1109/CCGrid.2012.42},
	doi = {10.1109/CCGrid.2012.42},
	acmid = {2310222},
	publisher = {IEEE Computer Society},
	address = {Washington, DC, USA},
	keywords = {MapReduce, Hadoop, scheduling, data locality},
} 

@article{zheng_kamil_driscoll_shan_yelick_2014, title={{UPC++ : A PGAS Extension for C++}}, DOI={10.1109/ipdps.2014.115}, journal={2014 IEEE 28th International Parallel and Distributed Processing Symposium}, author={Zheng, Yili and Kamil, Amir and Driscoll, Michael B. and Shan, Hongzhang and Yelick, Katherine}, year={2014}}
